<?xml version="1.0" encoding="UTF-8"?>
<record xmlns="http://www.loc.gov/MARC21/slim"
        xmlns:oclcterms="http://purl.org/oclc/terms/"
        xmlns:dc="http://purl.org/dc/elements/1.1/"
        xmlns:diag="http://www.loc.gov/zing/srw/diagnostic/"
        xmlns:xsi="http://www.w3.org/2001/XMLSchema-instance">
   <leader>00000cmm a2200000Ia 4500</leader>
   <controlfield tag="001">33329005</controlfield>
   <controlfield tag="008">951019m19919999mnu o d s eng </controlfield>
   <datafield ind1=" " ind2=" " tag="040">
      <subfield code="a">AGL</subfield>
      <subfield code="b">eng</subfield>
      <subfield code="c">AGL</subfield>
      <subfield code="d">OCLCQ</subfield>
      <subfield code="d">OCLCO</subfield>
      <subfield code="d">OCLCF</subfield>
      <subfield code="d">OCLCQ</subfield>
      <subfield code="d">OCL</subfield>
   </datafield>
   <datafield ind1="0" ind2=" " tag="070">
      <subfield code="a">Z5991.S633</subfield>
   </datafield>
   <datafield ind1=" " ind2="0" tag="072">
      <subfield code="a">K000</subfield>
   </datafield>
   <datafield ind1="0" ind2="0" tag="245">
      <subfield code="a">Social sciences in forestry :</subfield>
      <subfield code="b">a current selected bibliography and index.</subfield>
   </datafield>
   <datafield ind1="1" ind2=" " tag="246">
      <subfield code="i">Also known as:</subfield>
      <subfield code="a">SSiF</subfield>
   </datafield>
   <datafield ind1=" " ind2=" " tag="260">
      <subfield code="a">St. Paul, Minn. :</subfield>
      <subfield code="b">Forestry Library, College of Natural Resources, University of
              Minnesota,</subfield>
      <subfield code="c">1991-</subfield>
   </datafield>
   <datafield ind1=" " ind2=" " tag="538">
      <subfield code="a">Mode of access: Gopher.</subfield>
   </datafield>
   <datafield ind1=" " ind2=" " tag="500">
      <subfield code="a">Title from title screen.</subfield>
   </datafield>
   <datafield ind1=" " ind2=" " tag="500">
      <subfield code="a">Editor and compiler: &lt;June 1995-&gt; Jean Albrecht.</subfield>
   </datafield>
   <datafield ind1=" " ind2=" " tag="500">
      <subfield code="a">Cumulatively updated.</subfield>
   </datafield>
   <datafield ind1=" " ind2=" " tag="580">
      <subfield code="a">Previously issued as a serial in paper format.</subfield>
   </datafield>
   <datafield ind1=" " ind2=" " tag="520">
      <subfield code="a">A bibliography with a hierarchy in the form of: whole database,
              subject areas, publication issues, and citations. Users can browse through the
              hierarchy or do full text searching for the database as a whole.</subfield>
   </datafield>
   <datafield ind1=" " ind2="0" tag="650">
      <subfield code="a">Forests and forestry</subfield>
      <subfield code="x">Social aspects</subfield>
      <subfield code="v">Bibliography.</subfield>
   </datafield>
   <datafield ind1=" " ind2="7" tag="650">
      <subfield code="a">Forests and forestry</subfield>
      <subfield code="x">Social aspects.</subfield>
      <subfield code="2">fast</subfield>
      <subfield code="0">(OCoLC)fst00932755</subfield>
   </datafield>
   <datafield ind1=" " ind2="7" tag="655">
      <subfield code="a">Bibliographies.</subfield>
      <subfield code="2">fast</subfield>
      <subfield code="0">(OCoLC)fst01919895</subfield>
   </datafield>
   <datafield ind1="1" ind2=" " tag="700">
      <subfield code="a">Albrecht, Jean.</subfield>
   </datafield>
   <datafield ind1="2" ind2=" " tag="710">
      <subfield code="a">University of Minnesota.</subfield>
      <subfield code="b">College of Natural Resources.</subfield>
      <subfield code="b">Forestry Library.</subfield>
   </datafield>
   <datafield ind1="1" ind2=" " tag="787">
      <subfield code="t">Social sciences in forestry</subfield>
   </datafield>
   <datafield ind1="7" ind2=" " tag="856">
      <subfield code="u">gopher://minerva.forestry.umn.edu:70/11/SSiF</subfield>
      <subfield code="2">gopher</subfield>
   </datafield>
</record>
